%% This BibTeX bibliography file was created using BibDesk.
%% http://bibdesk.sourceforge.net/

%% Created for Jeremy Wyatt at 2017-10-28 19:22:41 +0100 


%% Saved with string encoding Unicode (UTF-8) 



@inproceedings{herbrich07,
	Author = {Ralf Herbrich and Tom Minka and Thore Graepel},
	Booktitle = {Advances in Neural Information Processing Systems},
	Date-Added = {2017-10-28 17:01:05 +0000},
	Date-Modified = {2017-10-28 18:22:37 +0000},
	Pages = {569-576},
	Title = {TrueSkill$^{TM}$ a {B}ayesian skill rating system},
	Year = {2007}}

@article{hermansdefense,
	Author = {Hermans, Alexander and Beyer, Lucas and Leibe, Bastian},
	Date-Modified = {2017-10-28 18:22:29 +0000},
	Title = {In Defense of the Triplet Loss for Person Re-Identification},
	Year = {2017}}
